4034 5466
909 303 1093 366 ...8-

110 487 246 558 0141444
277 491 338 556 τὸν
369 483 563 578 ὃῦδαῆαθνα
587 491 647 582 ζῆν
674 485 798 581 ἡδέως,
840 500 975 565 Eudemi
996 502 1053 566 illa
1074 502 1171 567 verba
1192 519 1265 565 4444
1286 501 1429 583 intellegi
1450 506 1542 584 putat
1572 499 1639 584 (pg.
1663 500 1732 582 189,
1757 500 1887 565 14-15,

111 600 182 664 coll.
205 620 258 682 pg.
282 600 331 681 12,
352 600 418 683 37),
440 605 526 664 44414
547 599 635 664 haud
656 600 820 683 probabile
836 607 893 664 441.
905 602 928 685 ¹)
971 603 1052 668 Item
1063 601 1180 666 falsum
1195 608 1253 684 est,
1270 599 1355 681 quod
1368 599 1533 665 Fritzsehe
1548 598 1633 682 dicit,
1648 600 1747 666 verba
1760 618 1840 681 quae
1855 602 1888 664 in

108 715 221 780 eodem
249 717 355 799 capite
382 717 423 780 14
449 737 502 800 pg.
533 716 686 780 1153132
722 716 882 799 leguntur:
917 708 1121 802 πάνταγὰρ
1151 708 1252 794 φύσει
1279 703 1349 794 ἔχει
1370 729 1402 773 τι
1422 702 1539 792 θεῖον,
1573 717 1698 780 44114114
1730 718 1776 780 414
1805 735 1888 796 quae

107 831 188 896 Eud.
203 834 227 916 1,
250 831 268 894 7
290 852 344 915 pg.
366 832 518 897 1217127
541 851 602 913 sq:
629 822 700 889 τιύν
722 818 836 890 ὄντων
857 816 969 890 ούθὲν
990 817 1011 890 ὃ
1029 823 1083 913 μὴ
1104 824 1195 891 κατὰ
1215 823 1279 914 τῆν
1292 818 1495 910 ἐπωνυμίαν
1516 816 1554 888 ἐν
1574 822 1615 913 τῆ
1638 823 1738 910 φύσει
1748 829 1888 912 μετέχει

108 936 589 1030 bececionemque,
620 948 668 1032 44,
690 968 722 1030 p.
745 949 849 1014 rmea
863 949 903 1014 ne
927 967 973 1029 sq.
994 949 1156 1031 leguntur:
1180 935 1289 1028 δῆλον
1316 930 1505 1031 44414444
1537 933 1575 1005 ἐν
1601 938 1653 1032 τῴ
1682 931 1760 1032 ὅλῳ
1784 935 1886 1020 θεός,

106 1058 167 1122 καῖ
192 1054 262 1121 πᾶν
283 1049 417 1148 ἐκείνῳ.
438 1055 529 1123 κινεῖ
547 1055 617 1148 γάρ
639 1077 714 1131 πως
740 1055 854 1121 πάντα
874 1056 914 1121 τὸ
941 1051 979 1122 ἐν
1000 1049 1086 1145 ἡμῖν
1100 1052 1217 1137 θεῖον,
1249 1061 1384 1127 Eudemi
1405 1080 1478 1125 esse
1501 1081 1666 1145 apparere,
1689 1062 1763 1143 quin
1783 1069 1886 1127 totum

106 1164 220 1228 librum
240 1162 375 1228 Eudemi
397 1182 469 1228 4444
492 1163 656 1228 declarare
677 1164 721 1247 (p.
745 1167 814 1247 191,
836 1166 901 1247 32).
937 1165 1019 1229 Nam
1039 1164 1103 1228 iam
1124 1163 1263 1247 Spengel
1285 1162 1329 1247 (p.
1351 1160 1426 1245 529)
1448 1161 1570 1244 attulit,
1604 1180 1685 1242 quae
1708 1161 1795 1244 apud
1816 1162 1886 1225 Ari-

107 1279 253 1344 stotelem
275 1277 315 1342 de
337 1280 443 1344 anima
462 1281 502 1363 Π,
523 1280 553 1363 4,
585 1300 616 1364 p.
637 1279 772 1345 415129
793 1280 943 1363 legimus:
976 1269 1068 1364 ζῴον
1090 1271 1160 1358 μὲν
1180 1269 1290 1362 ζῴον,
1320 1269 1430 1354 φυτὸν
1459 1264 1496 1334 δὲ
1525 1268 1646 1354 φυτόν,
1667 1269 1727 1335 ἳνα
1748 1268 1810 1336 τοῦ
1832 1261 1888 1335 ubo

106 1391 166 1454 καὶ
187 1385 249 1453 τού
270 1383 375 1453 θείου
393 1392 589 1475 μετέχωσιν
611 1378 633 1477 ἡ
656 1383 831 1454 δύνανται.
865 1395 993 1459 Rectius
1006 1393 1133 1475 quidem
1148 1399 1206 1475 est,
1229 1393 1314 1475 quod
1328 1392 1492 1459 Fritzsehe
1506 1396 1649 1476 prolegg.
1665 1415 1697 1477 p.
1713 1392 1886 1456 XXXVIII

107 1519 210 1594 notat,
244 1511 394 1575 orationis
423 1509 581 1590 quandam
609 1511 797 1577 brevitatem
825 1513 858 1576 in
883 1510 934 1574 his
963 1509 1120 1593 capitibus
1143 1509 1318 1576 observari:
1352 1510 1760 1594 41412441152512
1791 1492 1887 1576 ὅλως

104 1621 173 1707 μὲν
195 1611 258 1686 ούν
279 1610 506 1705 ούκυῗγαθύν
533 1628 637 1709 suppl.
661 1614 759 1686 δοκεῖ
790 1637 877 1685 τισιν
903 1611 924 1707 ἡ
956 1611 1077 1707 ἡδουῆ.
1110 1647 1165 1710 pg,
1194 1625 1428 1693 1152b15-23
1455 1614 1504 1686 ἔτι
1531 1611 1551 1685 ὅ
1579 1619 1736 1711 σώφρων
1764 1616 1887 1704 φεύγει
1927 1627 1931 1637 ’

105 1737 165 1812 τὰς
186 1727 331 1823 ἡδονάς.
364 1729 414 1800 ἔτι
442 1726 462 1800 ὃ
490 1734 665 1826 φρόνιμος
691 1734 731 1802 τὸ
759 1729 895 1800 ἄλυπον
922 1729 1055 1816 διώκει,
1088 1726 1131 1800 οὗ
1157 1734 1196 1800 τὸ
1224 1727 1299 1823 ἡδύ.
1327 1730 1377 1801 ἔτι
1405 1728 1575 1823 ἐμπόδιον
1602 1734 1653 1828 τῷ
1681 1733 1826 1823 φρονεῖν
1848 1727 1885 1797 αῖ

106 1846 249 1941 ἡδοναί.
265 1845 314 1916 ἔτι
335 1856 434 1938 τέχνη
458 1842 605 1938 ούδεμία
631 1844 774 1940 ἡδονῆς.
790 1846 840 1917 ἔτι
860 1845 981 1916 παιδία
1001 1852 1061 1915 καὶ
1086 1845 1200 1940 θηρία
1222 1846 1340 1916 διώκει
1360 1850 1422 1927 τὰς
1443 1844 1574 1940 ἡδονάς
1600 1889 1660 1921 -,
1682 1858 1771 1923 varia
1793 1877 1886 1938 argu-

105 1984 220 2058 menta,
243 1996 283 2040 44
304 1975 417 2055 quibus
433 1976 585 2057 colligant
605 1976 802 2058 voluptatem
821 1996 884 2040 non
903 1975 1116 2056 essebonum,
1138 1973 1176 2038 cf.
1199 1995 1224 2038 c.
1249 1976 1287 2038 13
1308 1995 1361 2058 pg.
1385 1974 1520 2040 115316
1544 1961 1621 2044 (θεῖ’
1649 1959 1721 2033 θ’ὖδ
1748 1958 1886 2054 1111011113

105 2113 131 2158 c.
155 2093 203 2176 14,
225 2113 256 2175 p.
279 2091 412 2156 115415
433 2081 529 2175 εἴπερ
541 2078 627 2171 μηδ’
645 2076 763 2173 ἡδονὴ·
786 2093 827 2156 41.
834 2142 842 2175 ,
864 2111 967 2172 44444
988 2098 1095 2157 tamen
1115 2089 1189 2155 inde
1211 2091 1329 2174 elucet,
1356 2092 1396 2156 ab
1418 2091 1561 2156 Eudemo
1585 2092 1640 2154 illa
1662 2089 1781 2172 scripta
1803 2107 1886 2169 4444,

105 2193 252 2273 quoniam
273 2191 407 2256 eandem
428 2191 615 2255 brevitatem
636 2191 668 2255 14
688 2192 909 2260 Nicomaeheis
933 2209 1056 2272 quoque
1077 2190 1210 2255 inveniri
1230 2190 1399 2255 Fritzsche
1414 2192 1484 2275 1444
1506 2191 1660 2272 agnoscit.
1999 2245 2002 2254 .

255 2290 348 2368 Quod
370 2313 395 2356 c.
419 2291 458 2356 15
478 2311 533 2374 pg.
556 2289 865 2355 11541284111441.
888 2291 960 2374 VII,
988 2293 1005 2355 1
1028 2310 1081 2374 pg.
1105 2290 1379 2356 1235116444144
1406 2289 1564 2371 quaedam
1590 2309 1630 2353 44
1656 2288 1768 2353 Oreste
1790 2289 1879 2352 Euri-

106 2392 204 2477 pidea
237 2391 279 2475 (r.
306 2393 382 2477 234)
416 2392 518 2475 441114
546 2390 730 2472 afferuntur,
763 2410 826 2455 444
858 2389 1069 2471 demonstrat,
1102 2388 1135 2453 id
1171 2389 1255 2472 quod
1285 2390 1449 2455 Fritzsche
1481 2411 1535 2474 pg.
1568 2389 1642 2453 XLI
1674 2387 1886 2452 demonstrari

104 2492 237 2574 iudicat,
271 2497 436 2573 utrumque
464 2492 568 2554 locum
597 2488 739 2554 Eudemo
768 2507 841 2553 4444
868 2488 1115 2571 attribuendum,
1148 2489 1297 2569 quoniam
1325 2489 1438 2554 eadem
1470 2489 1568 2556 verba
1593 2488 1684 2553 Rhet.
1704 2489 1736 2570 I,
1769 2487 1806 2549 11
1829 2506 1884 2568 pg.

106 2592 273 2673 1371123,
310 2590 392 2654 41144
414 2590 558 2654 eiusdem
583 2597 699 2671 poetae
720 2608 832 2654 versus
862 2589 991 2671 saepius
1021 2588 1061 2652 ab
1087 2589 1257 2652 Aristotele
1284 2588 1399 2654 allatos
1421 2591 1595 2655 invenimus
1619 2589 1672 2675 (ef.
1693 2586 1761 2652 Nic.
1784 2587 1839 2668 ΠΙ,
1865 2587 1881 2649 1

104 2691 344 2775 4411101211.
387 2689 471 2770 VIII,
492 2691 512 2753 2
534 2709 564 2771 4.
598 2690 730 2756 115512
759 2709 826 2771 sqq.
855 2690 910 2773 al.)
955 2687 1049 2766 Quod
1075 2689 1112 2770 41,
1134 2694 1169 2751 41
1190 2686 1459 2754 demonstraretur
1488 2687 1614 2753 dicendi
1643 2684 1886 2766 disserendique

104 2808 220 2872 genere
241 2787 418 2852 Eudemum
447 2787 674 2871 philosophum
701 2791 813 2873 notari,
835 2789 915 2854 nihil
942 2789 1070 2870 gravius
1097 2787 1201 2870 potuit
1223 2787 1377 2870 exhiberi,
1409 2809 1473 2854 non
1494 2790 1618 2853 elucere
1646 2786 1679 2852 id
1708 2785 1793 2867 quod
1813 2805 1887 2868 pro-

104 2888 244 2953 bandum
265 2894 334 2952 erat
354 2886 573 2952 iudicabimus.
596 2927 637 2934 —
659 2889 724 2953 Nec
746 2890 850 2971 magis
872 2907 912 2952 44
933 2889 979 2952 414
1001 2888 1141 2970 capitum
1152 2899 1330 2952 nostrorum
1349 2888 1428 2952 locis
1444 2889 1557 2970 elucet,
1574 2887 1687 2969 quibus
1702 2884 1886 2949 Aristotelis

105 2988 280 3054 doctrinam
312 2988 439 3052 uberius
473 2989 737 3071 explanatiusque
769 2989 947 3071 expositam
978 3005 1052 3050 esse
1083 2985 1247 3050 Fritzsche
1274 2988 1444 3053 contendit.
1488 2987 1695 3053 Conferamus
1724 2985 1807 3049 enim
1830 3003 1886 3048 eos

104 3089 157 3154 lib.
180 3091 239 3154 VII
260 3095 292 3151 et
313 3087 345 3150 X
365 3088 463 3168 14444,
479 3089 591 3168 quibus
606 3089 694 3152 illam
709 3089 898 3171 sententiam
912 3087 970 3152 niti
984 3085 1105 3169 dicitur,
1129 3094 1163 3150 ut
1184 3105 1422 3170 cognoscamus,
1438 3089 1516 3152 utris
1533 3094 1621 3151 utros
1644 3087 1797 3150 illustrari
1818 3103 1886 3148 rec-

105 3191 168 3254 tius
190 3186 355 3252 iudicetur.
398 3188 444 3251 Ao
464 3188 600 3269 primum
621 3187 871 3270 disputafionum
893 3186 1037 3270 exordia,
1071 3186 1183 3266 quibus
1214 3205 1269 3250 cur
1301 3185 1342 3250 de
1371 3188 1535 3271 voluptate
1567 3187 1599 3252 in
1632 3186 1745 3250 ethicis
1769 3184 1887 3248 disseri

105 3322 238 3369 necesse
260 3302 301 3367 411
322 3303 483 3385 probatur,
505 3303 586 3367 haec
609 3311 694 3368 sunt:
716 3304 776 3368 VII
797 3306 889 3387 412,
913 3302 1116 3369 115211-7.
1159 3296 1249 3387 Περὶ
1271 3289 1308 3359 δὲ
1331 3287 1459 3384 ἡδονῆς
1479 3297 1539 3361 καὶ
1560 3294 1670 3382 λύπης
1684 3291 1886 3387 θεωρῆσαι,

104 3410 166 3478 τού
187 3411 251 3500 τῆν
277 3411 456 3500 πολιτικὴν
483 3409 777 3496 φιλοσοφοῦντος·
807 3403 909 3487 οὗτος
935 3411 1005 3504 γυῖρ
1032 3409 1094 3477 τού
1121 3407 1243 3485 τέλους
1270 3401 1501 3502 α’ρχιτέκτωυ,
1534 3411 1622 3502 πρὸς
1650 3403 1670 3476 ὃ
1696 3408 1887 3498 βλέποντες

105 3524 253 3594 ἕκαστον
273 3527 401 3615 τὸμὲν
421 3527 543 3611 κακὸν,
566 3527 604 3592 τὸ
628 3523 658 3593 δ’
681 3519 828 3615 σῖγαθδν
857 3520 976 3604 ἅπλῶς
1003 3526 1168 3614 λέγομεν.
1209 3520 1288 3592 Ἔτι
1317 3521 1354 3592 δὲ
1382 3529 1443 3593 καῖ
1476 3526 1547 3593 των
1576 3519 1782 3614 ἀναγκαίων
1812 3519 1887 3590 ε’πι-
1935 3543 1938 3551 “

105 3639 314 3733 σκέψασθαι
341 3645 419 3735 περὶ
448 3635 574 3709 αύτεύν·
603 3641 665 3732 τῆν
693 3665 729 3709 τε
760 3643 830 3732 γὰρ
856 3635 984 3733 υἷρετὴν
1011 3645 1071 3709 καῖ
1098 3641 1162 3731 τὴν
1196 3647 1323 3708 κακίαν
1344 3641 1406 3731 τὴν
1428 3635 1560 3732 ῆθικὴν
1585 3646 1663 3737 περὶ
1689 3642 1801 3716 λύπας
1827 3644 1888 3707 καῖ

103 3754 233 3850 ἡδονὰς
247 3755 380 3845 ἔθεμεν
393 3761 453 3825 καὶ
466 3759 529 3847 τῆν
543 3751 771 3847 εὐδαιμονίαν
788 3754 823 3825 οἳ
837 3756 992 3826 πλεῖστοι
1003 3750 1092 3850 μεθ’
1114 3751 1242 3847 ἡδονῆς
1263 3750 1358 3825 εῖναί
1378 3777 1495 3844 φασιν.
1535 3767 1575 3850 Χ,
1599 3770 1626 3850 1,
1651 3768 1753 3833 1172a
1764 3769 1803 3831 19
1818 3785 1885 3847 sqq.

104 3877 207 3942 Μετὰ
230 3872 266 3942 δὲ
296 3873 405 3940 ταῦτα
434 3878 512 3968 περὶ
536 3868 665 3964 ἡδονῆς
687 3872 772 3951 ἴσως
801 3871 918 3941 ἕπεται
940 3870 1108 3941 διελθεῖν·
1136 3873 1295 3962 μάλιστα
1321 3875 1392 3969 γὰρ
1421 3871 1519 3943 δοκεῖ
1544 3870 1814 3967 συνῳκειιύσθαι
1836 3875 1886 3966 τῷ

104 3997 198 4080 γένει
218 3985 332 4080 ἡμῶν·
356 3987 410 4057 διὸ
431 3987 633 4059 παιδεύουσι
659 3991 739 4067 τοῖς
765 3998 865 4067 νέους
892 3985 1102 4068 οἰακίζοντες
1123 3984 1233 4081 ἡδονῆ
1254 3993 1314 4057 καὶ
1327 3990 1429 4080 λύπῃ·
1460 3988 1558 4058 δοκεῖ
1578 3986 1617 4057 δέ
1636 3992 1696 4057 καὶ
1716 3991 1803 4079 πρὸς
1823 3990 1887 4080 τὴν

104 4106 166 4175 τού
187 4102 303 4197 ῆθους
324 4099 452 4199 ύρετὴν
469 4115 638 4197 μέγιστον
667 4101 757 4175 εἶναι
776 4111 816 4173 τὸ
833 4113 972 4200 χαίρειν
993 4098 1047 4183 οἷς
1069 4103 1123 4174 δεῖ
1147 4109 1207 4173 καὶ
1228 4107 1347 4196 μισεῖν
1374 4100 1399 4172 δ
1422 4103 1485 4174 δεῖ·
1508 4104 1667 4175 διατείνει
1687 4105 1757 4199 γυῖρ
1778 4105 1886 4172 ταύτα

106 4220 164 4291 διὰ
185 4222 314 4298 παντὸς
334 4222 396 4289 τού
416 4222 515 4312 βίου,
548 4221 661 4319 ῥοπὴν
681 4220 808 4311 ἔχοντα
835 4225 895 4289 καὶ
922 4218 1069 4310 δύναμιν
1090 4223 1178 4316 πρὸς
1203 4215 1332 4317 ύρετῆν
1352 4244 1388 4289 τε
1408 4227 1468 4290 καὶ
1488 4223 1551 4289 τὸν
1577 4216 1771 4319 εὴδαίμονα
1792 4220 1885 4309 βίον·

103 4339 235 4428 τὰμὲν
255 4339 327 4431 γὰρ
350 4332 437 4428 ἡδέα
457 4341 722 4435 προαιροῦνται,
744 4341 787 4406 τοὶ
810 4336 847 4407 δὲ
869 4337 1008 4432 λυπηρὰ
1031 4338 1231 4427 φεύγουσιν.
1288 4349 1397 4414 Priore
1421 4349 1492 4414 loco
1514 4347 1727 4434 philosophus
1748 4347 1884 4412 formula

105 4464 242 4547 quadam
269 4482 385 4528 causas
409 4466 482 4529 illas
511 4466 668 4548 significat
708 4454 787 4547 (τὴν
826 4448 954 4549 α’ρετῆν
978 4447 1111 4545 ῆθικὴν
1140 4459 1228 4548 περὶ
1265 4455 1398 4534 λύπας
1434 4461 1500 4524 καὶ
1537 4449 1696 4546 ἡδονᾶς
1733 4451 1884 4543 ἔθεμεν,

106 4581 146 4648 cf.
167 4581 274 4663 Magn.
295 4580 406 4647 Illoral.
428 4582 467 4663 II,
497 4582 529 4664 7,
555 4581 737 4667 1204125),
759 4581 935 4665 4441441444
960 4586 1066 4646 autem
1088 4601 1136 4665 44,
1159 4582 1271 4662 quibus
1292 4583 1493 4666 potissimum
1514 4582 1665 4666 placitum
1686 4579 1780 4645 illud:
1807 4575 1885 4661 περὶ

407 4721 500 4728 -—...

254 4784 273 4850 ¹)
292 4785 450 4836 Sententiam
467 4785 575 4834 eandem
592 4785 663 4850 apud
679 4783 843 4835 Aristotelem
860 4785 1002 4836 invenimus
1024 4785 1078 4836 Nic.
1097 4784 1128 4846 X,
1152 4786 1163 4832 1
1183 4801 1208 4849 4.
1229 4786 1354 4836 1172123
1372 4800 1408 4850 sq.
1427 4801 1448 4836 e.
1467 4787 1482 4834 7
1499 4803 1542 4852 pg.
1564 4787 1688 4836 1177123
1725 4765 1885 4859 οἶέῆαὸθέί

107 4885 179 4957 δεῖν
201 4883 332 4979 ἡδονὴν
352 4888 628 4983 παραμεμῖχθαι
650 4889 692 4979 τῆ
714 4882 931 4980 εύδαιμονίρι.
