4034 5466
882 273 1087 334 ..10...

84 487 124 534 ex
149 470 218 537 Nic.
240 469 287 553 X,
314 471 348 553 2,
375 456 691 553 trieri—aojubi
718 468 798 534 haec
826 469 977 551 legimus:
1022 460 1168 548 λέγουσι
1199 453 1237 524 δὲ
1270 459 1334 544 τήν
1369 455 1440 544 μὲν
1469 454 1585 544 λύπην
1618 451 1756 521 ἔνδειαν
1788 447 1881 521 εἶναι

82 575 146 644 τού
166 576 257 642 κατὰ
280 575 395 661 φύσιν,
417 573 533 667 τήνδ’
554 569 686 666 ήδονὴν
708 569 977 669 άναπλήρωσιν·
999 575 1108 642 ταῦτα
1131 570 1168 640 δὲ
1192 570 1380 660 σωματικά
1402 565 1474 636 ἐστι
1488 570 1531 636 τά
1545 567 1667 659 πάθη·
1690 565 1725 635 εἰ
1744 566 1787 658 δή
1810 564 1882 636 ἐστι

83 691 146 758 τοῦ
162 690 253 757 κατά
269 690 375 776 φύσιν
389 685 641 785 άναπλήρωσις
656 686 677 782 ή
693 685 817 780 ήδονή,
839 684 924 783 ἐνηδ
946 685 967 779 ή
990 684 1252 782 άναπλήρωσις,
1274 686 1368 753 τοῦτ’
1392 678 1438 752 ἂν
1458 688 1519 752 καῖ
1540 678 1688 774 ήδοιτο·
1710 685 1750 751 τὸ
1774 686 1883 772 σιύμα

84 801 182 900 ἄρα·
207 799 250 874 ού
273 802 373 873 δοκεῖ
394 804 458 874 δέ·
482 800 546 874 σύκ
568 803 661 875 ἔστιν
683 801 756 900 άρα
778 801 1028 898 άναπλήρωσις
1050 800 1071 894 ή
1093 799 1217 895 ήδονή,
1254 795 1348 868 άλλοῖ
1363 806 1554 890 γινομένης
1571 803 1642 889 μὲν
1664 793 1883 895 άναπληριύ-

85 941 186 1006 σεως,
208 913 331 1012 ήδοιτο
355 915 401 988 άν
422 946 483 1005 τις,
513 926 573 990 καὶ
593 922 807 1011 κενούμενος
817 936 838 1014 1)
862 922 1024 988 λυποῖτο·
1068 915 1089 1010 ή
1113 916 1201 1001 δόξα
1223 915 1255 985 δ’
1279 911 1366 1007 αύτη
1391 913 1490 983 δοκεῖ
1509 913 1729 1006 γεγενῆσθαι
1751 911 1789 983 ἐκ
1810 918 1884 983 ταῖν

84 1041 165 1130 περὶ
185 1036 250 1125 τήν
271 1036 409 1130 τροφήν
429 1037 551 1104 λυπῶν
572 1041 632 1104 καὶ
654 1032 821 1126 ἡδονῶν·
858 1033 986 1114 ἐνδεεῖς
1006 1037 1078 1129 γάρ
1101 1043 1312 1126 γινομένους
1332 1037 1393 1100 καὶ
1409 1030 1707 1125 προλυπηθέντας
1728 1025 1884 1121 ήδεσθαι

11 1195 14 1201 1
81 1152 123 1242 τή
146 1145 407 1245 άναπληριύσει.
457 1151 569 1220 Τούτο
592 1149 625 1219 δ’
650 1146 692 1220 ού
713 1157 793 1246 περὶ
814 1153 930 1229 πάσας
951 1152 1139 1241 συμβαίνει
1166 1153 1228 1229 τὰς
1253 1145 1401 1240 ήδονάς·
1432 1141 1562 1214 ἄλυποι
1583 1148 1654 1241 γάρ
1676 1144 1764 1214 εἰσιν
1786 1142 1828 1214 αῖ
1846 1170 1884 1214 τε

79 1265 348 1355 μαθηματικαὶ,
369 1270 430 1333 καί
450 1267 523 1333 ταῖν
542 1268 634 1334 κατά
655 1268 717 1344 τοῖς
740 1263 926 1358 αἰσθήσεις
949 1265 986 1335 αῖ
1017 1265 1074 1335 διδ
1095 1268 1156 1357 τής
1178 1261 1406 1358 ὀσφρήσεως·
1441 1266 1502 1329 καὶ
1523 1250 1739 1354 άκροάματα
1762 1261 1801 1330 δὲ·
1821 1269 1884 1331 καὶ

85 1375 253 1475 ὁράματα
284 1381 401 1449 πολλά
423 1386 483 1448 καὶ
502 1382 645 1472 μνήμαι
665 1386 727 1450 καῖ
748 1378 900 1460 ἐλπίδες·
944 1389 1037 1459 τίνος
1063 1376 1127 1451 σύν
1149 1375 1251 1450 αύται
1272 1387 1426 1469 γενέσεις
1447 1373 1605 1464 ἔσσνται,·
1635 1371 1779 1455 ούδενὸς
1810 1380 1883 1472 γάρ

84 1493 201 1565 ἔνδεια
223 1504 421 1586 γεγένηται,
444 1489 487 1564 οὗ
508 1501 637 1585 γένοιτ
661 1492 706 1565 δν
728 1493 989 1591 α’νοπλήοωοις.
1032 1507 1191 1588 Equidem
1210 1526 1286 1572 vero
1309 1504 1388 1569 nihil
1408 1502 1503 1569 video
1525 1504 1588 1568 nisi
1609 1503 1706 1568 hacc:
1733 1504 1788 1567 illo
1810 1506 1883 1569 1000

85 1609 276 1673 sententiam
302 1605 441 1672 breviter
468 1625 507 1669 ao
536 1627 649 1688 parum
678 1605 817 1671 dilucide
840 1626 913 1671 esse
942 1607 1180 1689 adumbratam,
1212 1605 1273 1669 hoc
1300 1605 1429 1670 uberius
1456 1610 1488 1668 et
1520 1604 1723 1686 explanatius
1756 1604 1884 1686 exposi-

84 1713 160 1774 tam.
209 1704 424 1784 Quamobrem
452 1706 509 1770 illa
537 1706 635 1771 uerba
669 1707 743 1786 quin
765 1707 864 1789 prius,
899 1706 979 1772 haec
1000 1707 1162 1790 posterius
1185 1705 1305 1787 scripta
1327 1704 1399 1786 sint,
1421 1702 1499 1768 mihi
1519 1723 1583 1768 non
1604 1703 1730 1768 videtur
1752 1702 1884 1767 dubium

83 1824 167 1870 esse.

233 1938 316 2002 Tum
331 1957 413 2018 quae
427 1939 563 2020 legimus
585 1959 640 2020 pg.
666 1941 832 2004 11532202
856 1925 1034 2020 dusaritim
1056 1926 1093 1996 ii
1117 1922 1196 1995 ούτε
1212 1927 1382 2021 φρονήσει
1398 1921 1480 1993 ούθ
1505 1920 1574 2007 ἕξει
1596 1919 1754 2017 σύδεμιρῖ
1776 1920 1796 2016 ή
1820 1920 1884 2012 εἶφ’

85 2038 234 2132 ἑκάστης
256 2038 379 2134 ήδσνή,
401 2037 479 2111 α’λλ
503 2039 541 2109 αῖ
563 2037 765 2140 άλλύτριαι,
799 2042 873 2112 ἐπεὶ
894 2041 932 2112 αῖ
954 2039 1023 2112 dno
1046 2044 1108 2111 τοῦ
1130 2041 1288 2136 θεωρεῖν
1309 2047 1370 2110 καὶ
1387 2038 1595 2132 μανθάνειν
1617 2041 1758 2109 μάλλον
1779 2042 1885 2130 ποιή-

85 2177 185 2225 σουσι
207 2156 364 2252 θεωρεῖν
384 2162 445 2225 καὶ
462 2158 692 2248 μανθάνειν·
725 2192 786 2238 non
809 2171 941 2236 dubium
971 2187 1043 2234 esso
1073 2168 1239 2235 Fritzsohe
1261 2167 1423 2232 contendit
1451 2168 1526 2247 quin
1553 2167 1756 2231 translata
1778 2167 1841 2231 siut
1863 2189 1885 2232 a

84 2283 152 2350 Nic.
175 2283 216 2368 X,
242 2284 339 2366 bpg.
366 2284 498 2348 liiobr
523 2303 592 2365 sqq,
636 2273 685 2344 ἔτι
708 2273 910 2365 δὲμᾶλλον
931 2276 1034 2344 τούτο
1066 2285 1126 2368 (sc.
1148 2285 1349 2367 voluptatum
1371 2283 1498 2366 species
1521 2301 1595 2346 esse
1620 2282 1701 2347 inter
1723 2301 1758 2346 se
1781 2282 1884 2347 diver-

86 2402 152 2483 sas)
175 2383 220 2456 δν
242 2397 367 2479 φανείη
391 2384 430 2457 ἐκ
451 2390 515 2458 τού
531 2390 594 2468 τοῖς
610 2384 672 2478 άφ’
696 2387 828 2482 ἑτέρων
849 2385 981 2481 ήδονάς
1002 2386 1194 2480 ἐμποδίους
1215 2392 1291 2466 ταῖς
1313 2385 1505 2484 ἐνεργείαις
1526 2381 1617 2456 εἶναι
1637 2389 1711 2456 κτλ.
1746 2436 1787 2445 -
1808 2399 1885 2463 item

84 2515 182 2579 verba
214 2533 264 2598 cp.
300 2516 340 2578 14
376 2534 430 2598 pg.
467 2515 609 2580 1153121
645 2536 713 2598 sqq,
758 2500 811 2576 ὅτι
839 2510 899 2574 καὶ
921 2501 941 2597 ή
965 2507 1056 2594 λύπη
1078 2507 1209 2591 κακόν,
1232 2500 1475 2595 ὁμολογεῖται,
1496 2507 1556 2572 καῖ
1578 2506 1729 2590 φευκτόν
1762 2544 1817 2604 —7
1833 2507 1886 2599 τηῖ

86 2615 123 2686 δὲ
146 2621 287 2714 φευκτηῖ
308 2621 348 2687 τὸ
370 2615 530 2688 ἐναντίον
552 2615 573 2712 ή
596 2624 748 2709 φευκτόν
769 2646 805 2690 τε
831 2625 892 2690 καῖ
917 2622 1046 2706 κακόν,
1081 2614 1253 2709 άγαθόν·
1296 2615 1434 2709 άνάγκη
1463 2613 1526 2689 σύν
1547 2621 1611 2709 τήν
1636 2614 1769 2710 ήδονήν
1789 2614 1885 2709 άγα-

85 2729 343 2803 θόντίεῖναί·
377 2729 1579 2832 -ρείίίεοείίο.Χ,ο.2ρς.1172ῑ>18εηη.ούγήττονδήῖετο
1635 2745 1801 2827 (Eudoxus
1844 2748 1884 2815 cf.

84 2878 111 2925 o.
128 2863 148 2927 2
163 2861 219 2943 in.)
242 2845 335 2920 εἶναι
356 2855 514 2948 φανερὸν
537 2866 593 2945 (so,
616 2855 679 2944 τήν
692 2848 824 2944 ήδονήν
837 2847 1005 2943 τάγαθὸν
1020 2847 1127 2943 εἶναι)
1150 2848 1189 2920 ἐκ
1212 2854 1273 2921 τού
1295 2848 1468 2919 ἐναντίου·
1490 2852 1555 2941 τήν
1576 2851 1646 2946 γδιρ
1669 2852 1782 2941 λύπην
1795 2850 1883 2919 καθ’

85 2966 170 3034 αυτὸ
192 2968 277 3034 πάσι
299 2963 574 3055 φευκτὸνέἲναι,
597 2964 732 3059 ὁμοίως
756 2965 797 3059 δή
819 2963 1025 3038 τούναντίον
1046 2964 1189 3064 αῖρετύν
1209 2971 1283 3037 κτλ.
1315 2977 1406 3056 Quae
1427 2976 1474 3041 ita
1495 2995 1530 3041 se
1552 2976 1672 3040 habere
1687 2978 1884 3058 argumentis

84 3075 133 3140 vir
155 3075 272 3160 doctus
294 3097 357 3142 non
379 3077 537 3162 probavit,
560 3099 619 3143 nee
641 3078 746 3162 potuit
767 3079 914 3161 probare.

181 3210 183 3214 ⁴
233 3192 308 3257 Jam
328 3212 403 3258 vero
425 3193 618 3259 accedamus
641 3193 683 3259 ad
706 3214 778 3259 eum
798 3195 919 3277 locum,
953 3213 1047 3275 quem
1068 3193 1271 3277 potissimum
1292 3195 1482 3260 translatum
1505 3210 1578 3255 esse
1611 3193 1652 3256 ab
1678 3193 1822 3257 Eudemo
1845 3203 1885 3258 e'x

85 3291 324 3375 Nicomacheis,
358 3280 436 3373 quin
455 3291 674 3357 demonstrare
697 3299 797 3358 totam
824 3293 865 3358 de
892 3295 1057 3378 voluptate
1080 3291 1340 3376 disputationem,
1363 3313 1459 3375 quam
1482 3293 1516 3357 in
1537 3295 1617 3357 libro
1642 3294 1777 3376 septimo
1799 3293 1884 3358 imve-

84 3389 204 3472 nimus,
238 3390 279 3455 ab
307 3390 450 3457 Eudemo
480 3412 544 3458 non
575 3392 615 3456 ab
648 3392 821 3457 Aristotele
843 3395 1060 3477 conscriptam
1088 3411 1162 3457 esse
1191 3393 1389 3457 Frltzschius
1424 3393 1484 3458 sibi
1511 3392 1685 3475 persuasit.
1728 3392 1882 3473 Legimus

85 3504 168 3568 onim
189 3504 249 3569 VII
269 3523 297 3572 c.
321 3507 361 3570 14
381 3526 435 3589 pg.
461 3508 594 3572 1153115
621 3527 689 3589 sqq.
733 3493 783 3576 οῖς
803 3500 874 3592 γὰρ
897 3501 1123 3576 Σπεύσιππος
1144 3495 1257 3582 ἔλυεν,
1293 3492 1336 3566 ού
1369 3498 1556 3588 συμβαίνει
1577 3493 1599 3588 ή
1621 3498 1734 3607 λύσις,
1770 3491 1884 3592 ὥςπερ

83 3611 123 3678 τὸ
141 3611 267 3699 μεῖζον
287 3611 339 3706 uqi
360 3607 522 3680 ἐλάττονι
543 3617 603 3680 καὶ
624 3614 675 3708 τῷ
699 3613 766 3709 ἴσῳ
789 3609 967 3683 ἐναντίον·
990 3609 1033 3684 ού
1064 3614 1135 3710 γάρ
1169 3608 1215 3682 δν
1247 3621 1335 3704 φαίη
1370 3607 1456 3709 ὅπερ
1489 3614 1602 3681 κακόν
1634 3637 1666 3679 τι
1698 3607 1790 3681 εἶναι
1821 3614 1885 3704 τήν
1992 3612 1994 3622 ’

84 3718 218 3815 ἡδονήν
244 3736 276 3817 (i.
292 3754 319 3803 e.
342 3737 545 3822 Speusippus
567 3739 657 3803 illam
677 3738 805 3833 Eudoxi
828 3741 1018 3804 sententiam
1038 3740 1239 3822 voluptatem
1266 3740 1384 3807 bonum
1411 3759 1485 3805 esse
1507 3758 1525 3803 e
1547 3719 1707 3804 contrario
1729 3739 1882 3821 intellegi,

85 3834 234 3915 quoniam
256 3833 400 3899 dolorem
420 3837 540 3902 malum
562 3857 635 3902 esse
657 3839 739 3903 inter
761 3830 870 3902 omnes
893 3844 1063 3922 constaret,
1085 3859 1148 3905 non
1170 3839 1329 3923 refutavit,
1352 3860 1424 3905 cum
1446 3838 1542 3921 dixit,
1577 3843 1612 3903 ut
1631 3837 1736 3901 maius
1759 3844 1883 3902 contra*

84 3932 164 3999 rium
193 3941 280 3999 esset
306 3934 420 3999 minori
446 3943 479 4001 et
506 3938 654 4020 aequali,
687 3938 733 4001 ita
755 3938 946 4003 contrariam
974 3957 1047 4002 esse
1072 3939 1271 4023 voluptatem
1293 3946 1325 4004 et
1347 3939 1376 4003 ei
1398 3938 1484 4020 quod
1505 3938 1644 4004 medium
1667 3937 1809 4020 csset²)‚
1842 3937 1884 4019 X,

85 4069 112 4117 c.
127 4052 147 4116 2
164 4069 218 4132 pg.
232 4049 462 4115 117325-13:
489 4037 561 4112 θύκ
581 4039 674 4110 ἔοικε
697 4039 734 4109 δὲ
758 4036 840 4111 odie
862 4048 942 4137 περὶ
961 4045 1024 4119 τού
1046 4039 1206 4112 ἐναντίου
1227 4043 1347 4121 καλοῖς
1376 4022 1567 4134 λέγεσθαι·
1603 4037 1645 4111 ού
1666 4044 1738 4137 γάρ
1762 4064 1884 4129 φασιν,

85 4150 119 4223 εἰ
138 4149 168 4245 ή
181 4156 271 4243 λύπη
293 4156 405 4224 κακόν
426 4151 511 4242 ἔστι,
532 4158 597 4248 τήν
618 4152 751 4248 ἡδονήν
774 4151 923 4246 άγαθύν
944 4153 1050 4227 εἶναι·
1081 4153 1305 4227 άντικεῖσθαι
1325 4160 1397 4255 γάρ
1419 4158 1531 4228 ιῖακδν
1552 4161 1666 4253 κακῷ,
1687 4163 1748 4227 καὶ
1769 4153 1883 4247 άμφω

82 4270 134 4364 τηῖ
162 4268 349 4366 μηδετέρῳ
358 4266 562 4362 ,λέγοντες
587 4273 698 4340 ταῦτα
720 4266 763 4341 ού
784 4274 919 4359 κακαῖς,
960 4268 1002 4342 σύ
1029 4276 1107 4365 μήν
1135 4271 1195 4344 ε’πί
1220 4298 1263 4365 γε
1292 4276 1364 4343 τιύν
1386 4272 1589 4372 εἰρημένων
1618 4271 1878 4366 άληθεύοντες·

86 4378 227 4476 άμφσῖν
244 4389 317 4477 μεν
336 4388 408 4483 γοῖρ
425 4383 540 4457 ὄντων
560 4387 694 4475 κακοῖν,
715 4392 776 4456 καὶ
799 4390 931 4477 φευκτά
953 4386 1024 4458 ἔδει
1038 4387 1151 4483 άμφω
1168 4385 1278 4461 εἶναι·
1301 4390 1373 4460 ταῖν
1383 4389 1594 4486 μηδετέρων
1617 4390 1655 4460 δὲ
1673 4388 1884 4485 μηδέτερον,

237 4648 255 4713 ¹)
275 4649 319 4698 Sic
336 4649 445 4715 legimus
463 4664 521 4700 oum
540 4649 679 4716 Spengelio
698 4648 887 4717 (Abhandlung
903 4669 947 4719 pg.
966 4655 1013 4703 531
1033 4652 1119 4717 Anm.)
1138 4654 1373 4733 collatoPlatonis
1390 4654 1500 4706 Philebo
1519 4672 1561 4721 pg.
1581 4656 1621 4704 35.
1640 4657 1705 4704 470.

236 4746 257 4812 ²)
277 4747 316 4798 cf.
336 4749 404 4800 Gelli
420 4754 500 4800 noett.
519 4749 636 4812 Atelli,
655 4753 686 4801 5:
714 4752 874 4818 Speusippus
890 4758 1017 4819 vetusque
1039 4756 1122 4804 omnis
1143 4754 1285 4805 Academia
1305 4755 1465 4820 voluptatem
1488 4730 1649 4807 etdelorem
1667 4755 1718 4806 duo
1737 4754 1805 4805 mals
1824 4768 1882 4826 esse

88 4831 176 4881 dicunt
193 4833 314 4896 opposita
330 4833 397 4883 inter
415 4847 478 4896 sess,
497 4833 595 4886 bouum
611 4839 699 4886 tamen
715 4851 778 4900 esse,
797 4836 867 4902 quod
883 4837 1017 4902 utriusque
1034 4837 1145 4890 medium
1162 4838 1237 4890 soret.
